%YAML 1.1
%TAG !u! tag:unity3d.com,2011:
--- !u!1 &6987545635537774162
GameObject:
  m_ObjectHideFlags: 0
  m_CorrespondingSourceObject: {fileID: 0}
  m_PrefabInstance: {fileID: 0}
  m_PrefabAsset: {fileID: 0}
  serializedVersion: 6
  m_Component:
  - component: {fileID: 6987545635537774163}
  - component: {fileID: 6987545635537774166}
  - component: {fileID: 6987545635537774165}
  - component: {fileID: 6987545635537774164}
  - component: {fileID: 713559455}
  m_Layer: 0
  m_Name: Door_004
  m_TagString: Untagged
  m_Icon: {fileID: 0}
  m_NavMeshLayer: 0
  m_StaticEditorFlags: 0
  m_IsActive: 1
--- !u!4 &6987545635537774163
Transform:
  m_ObjectHideFlags: 0
  m_CorrespondingSourceObject: {fileID: 0}
  m_PrefabInstance: {fileID: 0}
  m_PrefabAsset: {fileID: 0}
  m_GameObject: {fileID: 6987545635537774162}
  m_LocalRotation: {x: 0, y: 0, z: 0, w: 1}
  m_LocalPosition: {x: -2, y: 0, z: -1.75}
  m_LocalScale: {x: 0.99999994, y: 1, z: 0.99999994}
  m_ConstrainProportionsScale: 0
  m_Children:
  - {fileID: 6983056264582696898}
  - {fileID: 6986818513518299314}
  - {fileID: 6987240024011065197}
  - {fileID: 6986786757120376558}
  m_Father: {fileID: 0}
  m_RootOrder: 0
  m_LocalEulerAnglesHint: {x: 0, y: 0, z: 0}
--- !u!114 &6987545635537774166
MonoBehaviour:
  m_ObjectHideFlags: 0
  m_CorrespondingSourceObject: {fileID: 0}
  m_PrefabInstance: {fileID: 0}
  m_PrefabAsset: {fileID: 0}
  m_GameObject: {fileID: 6987545635537774162}
  m_Enabled: 1
  m_EditorHideFlags: 0
  m_Script: {fileID: 11500000, guid: e66d2afc7353f4852ba309a0d0c785f0, type: 3}
  m_Name: 
  m_EditorClassIdentifier: 
  _triggerOpening:
    serializedVersion: 2
    m_Bits: 200
  halfDoorLeftTransform: {fileID: 6983056264582696898}
  halfDoorRightTransform: {fileID: 6986818513518299314}
  slideDistance: 0.88
  speed: 1
  doorOpeningSoundClip: {fileID: 8300000, guid: 80d08fa5dccc64ffa90d6734ce03512e, type: 3}
  doorClosingSoundClip: {fileID: 8300000, guid: 4547fb4d1627d4ce6acc55af375f84f4, type: 3}
--- !u!65 &6987545635537774165
BoxCollider:
  m_ObjectHideFlags: 0
  m_CorrespondingSourceObject: {fileID: 0}
  m_PrefabInstance: {fileID: 0}
  m_PrefabAsset: {fileID: 0}
  m_GameObject: {fileID: 6987545635537774162}
  m_Material: {fileID: 0}
  m_IsTrigger: 1
  m_Enabled: 1
  serializedVersion: 2
  m_Size: {x: 2, y: 2, z: 3.5}
  m_Center: {x: 0, y: 1, z: 0}
--- !u!82 &6987545635537774164
AudioSource:
  m_ObjectHideFlags: 0
  m_CorrespondingSourceObject: {fileID: 0}
  m_PrefabInstance: {fileID: 0}
  m_PrefabAsset: {fileID: 0}
  m_GameObject: {fileID: 6987545635537774162}
  m_Enabled: 1
  serializedVersion: 4
  OutputAudioMixerGroup: {fileID: 0}
  m_audioClip: {fileID: 0}
  m_PlayOnAwake: 1
  m_Volume: 0.754
  m_Pitch: 1
  Loop: 0
  Mute: 0
  Spatialize: 0
  SpatializePostEffects: 0
  Priority: 128
  DopplerLevel: 1
  MinDistance: 1
  MaxDistance: 10
  Pan2D: 0
  rolloffMode: 0
  BypassEffects: 0
  BypassListenerEffects: 0
  BypassReverbZones: 0
  rolloffCustomCurve:
    serializedVersion: 2
    m_Curve:
    - serializedVersion: 3
      time: 0
      value: 1
      inSlope: 0
      outSlope: 0
      tangentMode: 0
      weightedMode: 0
      inWeight: 0.33333334
      outWeight: 0.33333334
    - serializedVersion: 3
      time: 1
      value: 0
      inSlope: 0
      outSlope: 0
      tangentMode: 0
      weightedMode: 0
      inWeight: 0.33333334
      outWeight: 0.33333334
    m_PreInfinity: 2
    m_PostInfinity: 2
    m_RotationOrder: 4
  panLevelCustomCurve:
    serializedVersion: 2
    m_Curve:
    - serializedVersion: 3
      time: 0
      value: 1
      inSlope: 0
      outSlope: 0
      tangentMode: 0
      weightedMode: 0
      inWeight: 0.33333334
      outWeight: 0.33333334
    m_PreInfinity: 2
    m_PostInfinity: 2
    m_RotationOrder: 0
  spreadCustomCurve:
    serializedVersion: 2
    m_Curve:
    - serializedVersion: 3
      time: 0
      value: 0
      inSlope: 0
      outSlope: 0
      tangentMode: 0
      weightedMode: 0
      inWeight: 0.33333334
      outWeight: 0.33333334
    m_PreInfinity: 2
    m_PostInfinity: 2
    m_RotationOrder: 4
  reverbZoneMixCustomCurve:
    serializedVersion: 2
    m_Curve:
    - serializedVersion: 3
      time: 0
      value: 1
      inSlope: 0
      outSlope: 0
      tangentMode: 0
      weightedMode: 0
      inWeight: 0.33333334
      outWeight: 0.33333334
    m_PreInfinity: 2
    m_PostInfinity: 2
    m_RotationOrder: 0
--- !u!114 &713559455
MonoBehaviour:
  m_ObjectHideFlags: 0
  m_CorrespondingSourceObject: {fileID: 0}
  m_PrefabInstance: {fileID: 0}
  m_PrefabAsset: {fileID: 0}
  m_GameObject: {fileID: 6987545635537774162}
  m_Enabled: 1
  m_EditorHideFlags: 0
  m_Script: {fileID: 11500000, guid: 24dcf6805ba2c44f69a5c394d31a3392, type: 3}
  m_Name: 
  m_EditorClassIdentifier: 
  NodeId: 38523485-a5c8-479d-b235-8c89fef74f10
  dungeon: {fileID: 0}
  affectsNavigation: 1
  userData: 0
  externallyManaged: 0
--- !u!1001 &6987545634812532314
PrefabInstance:
  m_ObjectHideFlags: 0
  serializedVersion: 2
  m_Modification:
    m_TransformParent: {fileID: 6987545635537774163}
    m_Modifications:
    - target: {fileID: 1835801818997348, guid: a4645edf24a14487aa16adbc4bf27745, type: 3}
      propertyPath: m_Layer
      value: 0
      objectReference: {fileID: 0}
    - target: {fileID: 1835801818997348, guid: a4645edf24a14487aa16adbc4bf27745, type: 3}
      propertyPath: m_StaticEditorFlags
      value: 0
      objectReference: {fileID: 0}
    - target: {fileID: 4136577714694324, guid: a4645edf24a14487aa16adbc4bf27745, type: 3}
      propertyPath: m_RootOrder
      value: 3
      objectReference: {fileID: 0}
    - target: {fileID: 4136577714694324, guid: a4645edf24a14487aa16adbc4bf27745, type: 3}
      propertyPath: m_LocalPosition.x
      value: 0
      objectReference: {fileID: 0}
    - target: {fileID: 4136577714694324, guid: a4645edf24a14487aa16adbc4bf27745, type: 3}
      propertyPath: m_LocalPosition.y
      value: 0
      objectReference: {fileID: 0}
    - target: {fileID: 4136577714694324, guid: a4645edf24a14487aa16adbc4bf27745, type: 3}
      propertyPath: m_LocalPosition.z
      value: 0
      objectReference: {fileID: 0}
    - target: {fileID: 4136577714694324, guid: a4645edf24a14487aa16adbc4bf27745, type: 3}
      propertyPath: m_LocalRotation.w
      value: 0.5
      objectReference: {fileID: 0}
    - target: {fileID: 4136577714694324, guid: a4645edf24a14487aa16adbc4bf27745, type: 3}
      propertyPath: m_LocalRotation.x
      value: -0.5
      objectReference: {fileID: 0}
    - target: {fileID: 4136577714694324, guid: a4645edf24a14487aa16adbc4bf27745, type: 3}
      propertyPath: m_LocalRotation.y
      value: 0.5
      objectReference: {fileID: 0}
    - target: {fileID: 4136577714694324, guid: a4645edf24a14487aa16adbc4bf27745, type: 3}
      propertyPath: m_LocalRotation.z
      value: 0.5
      objectReference: {fileID: 0}
    - target: {fileID: 4136577714694324, guid: a4645edf24a14487aa16adbc4bf27745, type: 3}
      propertyPath: m_LocalEulerAnglesHint.x
      value: -90.00001
      objectReference: {fileID: 0}
    - target: {fileID: 4136577714694324, guid: a4645edf24a14487aa16adbc4bf27745, type: 3}
      propertyPath: m_LocalEulerAnglesHint.y
      value: 90
      objectReference: {fileID: 0}
    m_RemovedComponents: []
  m_SourcePrefab: {fileID: 100100000, guid: a4645edf24a14487aa16adbc4bf27745, type: 3}
--- !u!4 &6986786757120376558 stripped
Transform:
  m_CorrespondingSourceObject: {fileID: 4136577714694324, guid: a4645edf24a14487aa16adbc4bf27745, type: 3}
  m_PrefabInstance: {fileID: 6987545634812532314}
  m_PrefabAsset: {fileID: 0}
--- !u!1001 &6987545635672774491
PrefabInstance:
  m_ObjectHideFlags: 0
  serializedVersion: 2
  m_Modification:
    m_TransformParent: {fileID: 6987545635537774163}
    m_Modifications:
    - target: {fileID: 1148737543665222, guid: 25ed497ca36fe4afbbb3a241a44035e2, type: 3}
      propertyPath: m_Layer
      value: 0
      objectReference: {fileID: 0}
    - target: {fileID: 1148737543665222, guid: 25ed497ca36fe4afbbb3a241a44035e2, type: 3}
      propertyPath: m_StaticEditorFlags
      value: 0
      objectReference: {fileID: 0}
    - target: {fileID: 4246811276021814, guid: 25ed497ca36fe4afbbb3a241a44035e2, type: 3}
      propertyPath: m_RootOrder
      value: 2
      objectReference: {fileID: 0}
    - target: {fileID: 4246811276021814, guid: 25ed497ca36fe4afbbb3a241a44035e2, type: 3}
      propertyPath: m_LocalPosition.x
      value: 0
      objectReference: {fileID: 0}
    - target: {fileID: 4246811276021814, guid: 25ed497ca36fe4afbbb3a241a44035e2, type: 3}
      propertyPath: m_LocalPosition.y
      value: 0
      objectReference: {fileID: 0}
    - target: {fileID: 4246811276021814, guid: 25ed497ca36fe4afbbb3a241a44035e2, type: 3}
      propertyPath: m_LocalPosition.z
      value: 0
      objectReference: {fileID: 0}
    - target: {fileID: 4246811276021814, guid: 25ed497ca36fe4afbbb3a241a44035e2, type: 3}
      propertyPath: m_LocalRotation.w
      value: 0.5
      objectReference: {fileID: 0}
    - target: {fileID: 4246811276021814, guid: 25ed497ca36fe4afbbb3a241a44035e2, type: 3}
      propertyPath: m_LocalRotation.x
      value: -0.5
      objectReference: {fileID: 0}
    - target: {fileID: 4246811276021814, guid: 25ed497ca36fe4afbbb3a241a44035e2, type: 3}
      propertyPath: m_LocalRotation.y
      value: 0.5
      objectReference: {fileID: 0}
    - target: {fileID: 4246811276021814, guid: 25ed497ca36fe4afbbb3a241a44035e2, type: 3}
      propertyPath: m_LocalRotation.z
      value: 0.5
      objectReference: {fileID: 0}
    - target: {fileID: 4246811276021814, guid: 25ed497ca36fe4afbbb3a241a44035e2, type: 3}
      propertyPath: m_LocalEulerAnglesHint.x
      value: -90.00001
      objectReference: {fileID: 0}
    - target: {fileID: 4246811276021814, guid: 25ed497ca36fe4afbbb3a241a44035e2, type: 3}
      propertyPath: m_LocalEulerAnglesHint.y
      value: 90
      objectReference: {fileID: 0}
    - target: {fileID: 64745142648217894, guid: 25ed497ca36fe4afbbb3a241a44035e2, type: 3}
      propertyPath: m_Enabled
      value: 0
      objectReference: {fileID: 0}
    m_RemovedComponents: []
  m_SourcePrefab: {fileID: 100100000, guid: 25ed497ca36fe4afbbb3a241a44035e2, type: 3}
--- !u!4 &6987240024011065197 stripped
Transform:
  m_CorrespondingSourceObject: {fileID: 4246811276021814, guid: 25ed497ca36fe4afbbb3a241a44035e2, type: 3}
  m_PrefabInstance: {fileID: 6987545635672774491}
  m_PrefabAsset: {fileID: 0}
--- !u!1001 &6987545635763507410
PrefabInstance:
  m_ObjectHideFlags: 0
  serializedVersion: 2
  m_Modification:
    m_TransformParent: {fileID: 6987545635537774163}
    m_Modifications:
    - target: {fileID: 4630143029436176, guid: bdb7d127ee3b24a7ca9a025a485f51e7, type: 3}
      propertyPath: m_RootOrder
      value: 0
      objectReference: {fileID: 0}
    - target: {fileID: 4630143029436176, guid: bdb7d127ee3b24a7ca9a025a485f51e7, type: 3}
      propertyPath: m_LocalPosition.x
      value: 0
      objectReference: {fileID: 0}
    - target: {fileID: 4630143029436176, guid: bdb7d127ee3b24a7ca9a025a485f51e7, type: 3}
      propertyPath: m_LocalPosition.y
      value: 0
      objectReference: {fileID: 0}
    - target: {fileID: 4630143029436176, guid: bdb7d127ee3b24a7ca9a025a485f51e7, type: 3}
      propertyPath: m_LocalPosition.z
      value: 0
      objectReference: {fileID: 0}
    - target: {fileID: 4630143029436176, guid: bdb7d127ee3b24a7ca9a025a485f51e7, type: 3}
      propertyPath: m_LocalRotation.w
      value: 0.5
      objectReference: {fileID: 0}
    - target: {fileID: 4630143029436176, guid: bdb7d127ee3b24a7ca9a025a485f51e7, type: 3}
      propertyPath: m_LocalRotation.x
      value: -0.5
      objectReference: {fileID: 0}
    - target: {fileID: 4630143029436176, guid: bdb7d127ee3b24a7ca9a025a485f51e7, type: 3}
      propertyPath: m_LocalRotation.y
      value: 0.5
      objectReference: {fileID: 0}
    - target: {fileID: 4630143029436176, guid: bdb7d127ee3b24a7ca9a025a485f51e7, type: 3}
      propertyPath: m_LocalRotation.z
      value: 0.5
      objectReference: {fileID: 0}
    - target: {fileID: 4630143029436176, guid: bdb7d127ee3b24a7ca9a025a485f51e7, type: 3}
      propertyPath: m_LocalEulerAnglesHint.x
      value: -90.00001
      objectReference: {fileID: 0}
    - target: {fileID: 4630143029436176, guid: bdb7d127ee3b24a7ca9a025a485f51e7, type: 3}
      propertyPath: m_LocalEulerAnglesHint.y
      value: 90
      objectReference: {fileID: 0}
    m_RemovedComponents: []
  m_SourcePrefab: {fileID: 100100000, guid: bdb7d127ee3b24a7ca9a025a485f51e7, type: 3}
--- !u!4 &6983056264582696898 stripped
Transform:
  m_CorrespondingSourceObject: {fileID: 4630143029436176, guid: bdb7d127ee3b24a7ca9a025a485f51e7, type: 3}
  m_PrefabInstance: {fileID: 6987545635763507410}
  m_PrefabAsset: {fileID: 0}
--- !u!1 &6988879956507391254 stripped
GameObject:
  m_CorrespondingSourceObject: {fileID: 1621716820010436, guid: bdb7d127ee3b24a7ca9a025a485f51e7, type: 3}
  m_PrefabInstance: {fileID: 6987545635763507410}
  m_PrefabAsset: {fileID: 0}
--- !u!208 &713559459
NavMeshObstacle:
  m_ObjectHideFlags: 0
  m_CorrespondingSourceObject: {fileID: 0}
  m_PrefabInstance: {fileID: 0}
  m_PrefabAsset: {fileID: 0}
  m_GameObject: {fileID: 6988879956507391254}
  m_Enabled: 1
  serializedVersion: 3
  m_Shape: 1
  m_Extents: {x: 0.54, y: 0.075, z: 1.148}
  m_MoveThreshold: 0.1
  m_Carve: 0
  m_CarveOnlyStationary: 1
  m_Center: {x: -0.30600002, y: 0, z: 1.35}
  m_TimeToStationary: 0.5
--- !u!1001 &6987545635958538116
PrefabInstance:
  m_ObjectHideFlags: 0
  serializedVersion: 2
  m_Modification:
    m_TransformParent: {fileID: 6987545635537774163}
    m_Modifications:
    - target: {fileID: 4105371924969270, guid: ae222e76ff93e46559d325391c949386, type: 3}
      propertyPath: m_RootOrder
      value: 1
      objectReference: {fileID: 0}
    - target: {fileID: 4105371924969270, guid: ae222e76ff93e46559d325391c949386, type: 3}
      propertyPath: m_LocalPosition.x
      value: 0
      objectReference: {fileID: 0}
    - target: {fileID: 4105371924969270, guid: ae222e76ff93e46559d325391c949386, type: 3}
      propertyPath: m_LocalPosition.y
      value: 0
      objectReference: {fileID: 0}
    - target: {fileID: 4105371924969270, guid: ae222e76ff93e46559d325391c949386, type: 3}
      propertyPath: m_LocalPosition.z
      value: 0
      objectReference: {fileID: 0}
    - target: {fileID: 4105371924969270, guid: ae222e76ff93e46559d325391c949386, type: 3}
      propertyPath: m_LocalRotation.w
      value: 0.5
      objectReference: {fileID: 0}
    - target: {fileID: 4105371924969270, guid: ae222e76ff93e46559d325391c949386, type: 3}
      propertyPath: m_LocalRotation.x
      value: -0.5
      objectReference: {fileID: 0}
    - target: {fileID: 4105371924969270, guid: ae222e76ff93e46559d325391c949386, type: 3}
      propertyPath: m_LocalRotation.y
      value: 0.5
      objectReference: {fileID: 0}
    - target: {fileID: 4105371924969270, guid: ae222e76ff93e46559d325391c949386, type: 3}
      propertyPath: m_LocalRotation.z
      value: 0.5
      objectReference: {fileID: 0}
    - target: {fileID: 4105371924969270, guid: ae222e76ff93e46559d325391c949386, type: 3}
      propertyPath: m_LocalEulerAnglesHint.x
      value: -90.00001
      objectReference: {fileID: 0}
    - target: {fileID: 4105371924969270, guid: ae222e76ff93e46559d325391c949386, type: 3}
      propertyPath: m_LocalEulerAnglesHint.y
      value: 90
      objectReference: {fileID: 0}
    m_RemovedComponents: []
  m_SourcePrefab: {fileID: 100100000, guid: ae222e76ff93e46559d325391c949386, type: 3}
--- !u!4 &6986818513518299314 stripped
Transform:
  m_CorrespondingSourceObject: {fileID: 4105371924969270, guid: ae222e76ff93e46559d325391c949386, type: 3}
  m_PrefabInstance: {fileID: 6987545635958538116}
  m_PrefabAsset: {fileID: 0}
--- !u!1 &6989236329471663096 stripped
GameObject:
  m_CorrespondingSourceObject: {fileID: 1828293595260028, guid: ae222e76ff93e46559d325391c949386, type: 3}
  m_PrefabInstance: {fileID: 6987545635958538116}
  m_PrefabAsset: {fileID: 0}
--- !u!208 &713559458
NavMeshObstacle:
  m_ObjectHideFlags: 0
  m_CorrespondingSourceObject: {fileID: 0}
  m_PrefabInstance: {fileID: 0}
  m_PrefabAsset: {fileID: 0}
  m_GameObject: {fileID: 6989236329471663096}
  m_Enabled: 1
  serializedVersion: 3
  m_Shape: 1
  m_Extents: {x: 0.54, y: 0.075, z: 1.148}
  m_MoveThreshold: 0.1
  m_Carve: 0
  m_CarveOnlyStationary: 1
  m_Center: {x: 0.29900002, y: 0, z: 1.35}
  m_TimeToStationary: 0.5
