%YAML 1.1
%TAG !u! tag:unity3d.com,2011:
--- !u!1 &2447635778168301750
GameObject:
  m_ObjectHideFlags: 0
  m_CorrespondingSourceObject: {fileID: 0}
  m_PrefabInstance: {fileID: 0}
  m_PrefabAsset: {fileID: 0}
  serializedVersion: 6
  m_Component:
  - component: {fileID: 2447635778168301747}
  - component: {fileID: 2447635778168301748}
  - component: {fileID: 2447635778168301746}
  - component: {fileID: 2447635778168301749}
  - component: {fileID: -5120562972063745493}
  - component: {fileID: 7496236747812756184}
  - component: {fileID: -2026854423271695227}
  - component: {fileID: 2660807035562540146}
  m_Layer: 0
  m_Name: Light Sword
  m_TagString: Untagged
  m_Icon: {fileID: 0}
  m_NavMeshLayer: 0
  m_StaticEditorFlags: 0
  m_IsActive: 1
--- !u!4 &2447635778168301747
Transform:
  m_ObjectHideFlags: 0
  m_CorrespondingSourceObject: {fileID: 0}
  m_PrefabInstance: {fileID: 0}
  m_PrefabAsset: {fileID: 0}
  m_GameObject: {fileID: 2447635778168301750}
  m_LocalRotation: {x: -0, y: -0, z: -0, w: 1}
  m_LocalPosition: {x: -13.295193, y: -1.8168106, z: 4.1627884}
  m_LocalScale: {x: 0.5, y: 0.5, z: 0.5}
  m_ConstrainProportionsScale: 0
  m_Children: []
  m_Father: {fileID: 0}
  m_RootOrder: 0
  m_LocalEulerAnglesHint: {x: 0, y: 0, z: 0}
--- !u!33 &2447635778168301748
MeshFilter:
  m_ObjectHideFlags: 0
  m_CorrespondingSourceObject: {fileID: 0}
  m_PrefabInstance: {fileID: 0}
  m_PrefabAsset: {fileID: 0}
  m_GameObject: {fileID: 2447635778168301750}
  m_Mesh: {fileID: 4300000, guid: dddfafc46c1914abfa77323e78b3ac2c, type: 3}
--- !u!23 &2447635778168301746
MeshRenderer:
  m_ObjectHideFlags: 0
  m_CorrespondingSourceObject: {fileID: 0}
  m_PrefabInstance: {fileID: 0}
  m_PrefabAsset: {fileID: 0}
  m_GameObject: {fileID: 2447635778168301750}
  m_Enabled: 1
  m_CastShadows: 1
  m_ReceiveShadows: 1
  m_DynamicOccludee: 1
  m_StaticShadowCaster: 0
  m_MotionVectors: 1
  m_LightProbeUsage: 1
  m_ReflectionProbeUsage: 1
  m_RayTracingMode: 2
  m_RayTraceProcedural: 0
  m_RenderingLayerMask: 1
  m_RendererPriority: 0
  m_Materials:
  - {fileID: 2100000, guid: 9eef8dd573e684cdda9f233579f7d574, type: 2}
  - {fileID: 2100000, guid: c88243611928b4bf3a170630c6820a68, type: 2}
  - {fileID: 2100000, guid: 1a7f08b54067c4a6a9b44532e6a11c56, type: 2}
  m_StaticBatchInfo:
    firstSubMesh: 0
    subMeshCount: 0
  m_StaticBatchRoot: {fileID: 0}
  m_ProbeAnchor: {fileID: 0}
  m_LightProbeVolumeOverride: {fileID: 0}
  m_ScaleInLightmap: 1
  m_ReceiveGI: 1
  m_PreserveUVs: 0
  m_IgnoreNormalsForChartDetection: 0
  m_ImportantGI: 0
  m_StitchLightmapSeams: 0
  m_SelectedEditorRenderState: 3
  m_MinimumChartSize: 4
  m_AutoUVMaxDistance: 0.5
  m_AutoUVMaxAngle: 89
  m_LightmapParameters: {fileID: 0}
  m_SortingLayerID: 0
  m_SortingLayer: 0
  m_SortingOrder: 0
  m_AdditionalVertexStreams: {fileID: 0}
--- !u!114 &2447635778168301749
MonoBehaviour:
  m_ObjectHideFlags: 0
  m_CorrespondingSourceObject: {fileID: 0}
  m_PrefabInstance: {fileID: 0}
  m_PrefabAsset: {fileID: 0}
  m_GameObject: {fileID: 2447635778168301750}
  m_Enabled: 1
  m_EditorHideFlags: 0
  m_Script: {fileID: 11500000, guid: e4f191213642d41918c8e9c51c532a6a, type: 3}
  m_Name: 
  m_EditorClassIdentifier: 
  _spinDirection: {x: 0, y: 0, z: 0}
--- !u!114 &-5120562972063745493
MonoBehaviour:
  m_ObjectHideFlags: 0
  m_CorrespondingSourceObject: {fileID: 0}
  m_PrefabInstance: {fileID: 0}
  m_PrefabAsset: {fileID: 0}
  m_GameObject: {fileID: 2447635778168301750}
  m_Enabled: 1
  m_EditorHideFlags: 0
  m_Script: {fileID: 11500000, guid: 822bc9090447b9c40833509c4a32e597, type: 3}
  m_Name: 
  m_EditorClassIdentifier: 
  ignoreMe: 0
  body: {fileID: 0}
  hightlightMaterial: {fileID: 0}
  isGrabbable: 1
  CopySettings: {fileID: 0}
  grabType: 0
  handType: 0
  singleHandOnly: 0
  allowHeldSwapping: 1
  instantGrab: 0
  useGentleGrab: 0
  maintainGrabOffset: 0
  ignoreWeight: 0
  parentOnGrab: 1
  throwPower: 1
  jointBreakForce: 3500
  showAdvancedSettings: 1
  makeChildrenGrabbable: 1
  grabPriorityWeight: 1
  ignoreReleaseTime: 0.5
  heldPositionOffset: {x: 0, y: 0, z: 0}
  heldRotationOffset: {x: 0, y: 0, z: 0}
  customGrabJoint: {fileID: 0}
  jointedBodies: []
  heldIgnoreColliders: []
  pullApartBreakOnly: 1
  showEvents: 1
  onGrab:
    m_PersistentCalls:
      m_Calls: []
  onRelease:
    m_PersistentCalls:
      m_Calls: []
  onSqueeze:
    m_PersistentCalls:
      m_Calls: []
  onUnsqueeze:
    m_PersistentCalls:
      m_Calls: []
  onHighlight:
    m_PersistentCalls:
      m_Calls: []
  onUnhighlight:
    m_PersistentCalls:
      m_Calls: []
  OnJointBreak:
    m_PersistentCalls:
      m_Calls: []
  lockHandOnGrab: 0
--- !u!114 &7496236747812756184
MonoBehaviour:
  m_ObjectHideFlags: 0
  m_CorrespondingSourceObject: {fileID: 0}
  m_PrefabInstance: {fileID: 0}
  m_PrefabAsset: {fileID: 0}
  m_GameObject: {fileID: 2447635778168301750}
  m_Enabled: 1
  m_EditorHideFlags: 0
  m_Script: {fileID: 11500000, guid: 935aaf7da50abf94697c8d70a7a71efe, type: 3}
  m_Name: 
  m_EditorClassIdentifier: 
  ignoreMe: 0
  instantPull: 1
  grabType: 0
  archMultiplier: 0.6
  gravitationVelocity: 1
  rotate: 1
  rotationSpeed: 1
  ignoreHighlights: 1
  targetedMaterial: {fileID: 0}
  selectedMaterial: {fileID: 0}
  showEvents: 1
  OnPull:
    m_PersistentCalls:
      m_Calls: []
  StartTargeting:
    m_PersistentCalls:
      m_Calls: []
  StopTargeting:
    m_PersistentCalls:
      m_Calls: []
  StartSelecting:
    m_PersistentCalls:
      m_Calls: []
  StopSelecting:
    m_PersistentCalls:
      m_Calls: []
--- !u!54 &-2026854423271695227
Rigidbody:
  m_ObjectHideFlags: 0
  m_CorrespondingSourceObject: {fileID: 0}
  m_PrefabInstance: {fileID: 0}
  m_PrefabAsset: {fileID: 0}
  m_GameObject: {fileID: 2447635778168301750}
  serializedVersion: 2
  m_Mass: 1
  m_Drag: 0
  m_AngularDrag: 0.05
  m_UseGravity: 1
  m_IsKinematic: 0
  m_Interpolate: 0
  m_Constraints: 0
  m_CollisionDetection: 0
--- !u!64 &2660807035562540146
MeshCollider:
  m_ObjectHideFlags: 0
  m_CorrespondingSourceObject: {fileID: 0}
  m_PrefabInstance: {fileID: 0}
  m_PrefabAsset: {fileID: 0}
  m_GameObject: {fileID: 2447635778168301750}
  m_Material: {fileID: 0}
  m_IsTrigger: 0
  m_Enabled: 1
  serializedVersion: 4
  m_Convex: 1
  m_CookingOptions: 30
  m_Mesh: {fileID: 4300000, guid: dddfafc46c1914abfa77323e78b3ac2c, type: 3}
