%YAML 1.1
%TAG !u! tag:unity3d.com,2011:
--- !u!1 &1499608428786011635
GameObject:
  m_ObjectHideFlags: 0
  m_CorrespondingSourceObject: {fileID: 0}
  m_PrefabInstance: {fileID: 0}
  m_PrefabAsset: {fileID: 0}
  serializedVersion: 6
  m_Component:
  - component: {fileID: 8003173713051882529}
  m_Layer: 0
  m_Name: OWLS_High1
  m_TagString: Untagged
  m_Icon: {fileID: 0}
  m_NavMeshLayer: 0
  m_StaticEditorFlags: 0
  m_IsActive: 1
--- !u!4 &8003173713051882529
Transform:
  m_ObjectHideFlags: 0
  m_CorrespondingSourceObject: {fileID: 0}
  m_PrefabInstance: {fileID: 0}
  m_PrefabAsset: {fileID: 0}
  m_GameObject: {fileID: 1499608428786011635}
  m_LocalRotation: {x: 0, y: 0, z: -0, w: -1}
  m_LocalPosition: {x: 0, y: 0, z: -0}
  m_LocalScale: {x: 1, y: 1, z: 1}
  m_ConstrainProportionsScale: 0
  m_Children:
  - {fileID: 5860665868528951620}
  - {fileID: 3064853328965388849}
  m_Father: {fileID: 5430935300484212768}
  m_RootOrder: 0
  m_LocalEulerAnglesHint: {x: 0, y: 0, z: 0}
--- !u!1 &3514147233746898030
GameObject:
  m_ObjectHideFlags: 0
  m_CorrespondingSourceObject: {fileID: 0}
  m_PrefabInstance: {fileID: 0}
  m_PrefabAsset: {fileID: 0}
  serializedVersion: 6
  m_Component:
  - component: {fileID: 3064853328965388849}
  - component: {fileID: 4330509149334257964}
  - component: {fileID: 1973683549378164985}
  m_Layer: 0
  m_Name: OWLS_High1_Steel_0
  m_TagString: Untagged
  m_Icon: {fileID: 0}
  m_NavMeshLayer: 0
  m_StaticEditorFlags: 0
  m_IsActive: 1
--- !u!4 &3064853328965388849
Transform:
  m_ObjectHideFlags: 0
  m_CorrespondingSourceObject: {fileID: 0}
  m_PrefabInstance: {fileID: 0}
  m_PrefabAsset: {fileID: 0}
  m_GameObject: {fileID: 3514147233746898030}
  m_LocalRotation: {x: 0, y: 0, z: -0, w: -1}
  m_LocalPosition: {x: 0, y: 0, z: -0}
  m_LocalScale: {x: 1, y: 1, z: 1}
  m_ConstrainProportionsScale: 0
  m_Children: []
  m_Father: {fileID: 8003173713051882529}
  m_RootOrder: 1
  m_LocalEulerAnglesHint: {x: 0, y: 0, z: 0}
--- !u!33 &4330509149334257964
MeshFilter:
  m_ObjectHideFlags: 0
  m_CorrespondingSourceObject: {fileID: 0}
  m_PrefabInstance: {fileID: 0}
  m_PrefabAsset: {fileID: 0}
  m_GameObject: {fileID: 3514147233746898030}
  m_Mesh: {fileID: 4300000, guid: 82479a6e0f79dd444a837dbcd300ecfe, type: 2}
--- !u!23 &1973683549378164985
MeshRenderer:
  m_ObjectHideFlags: 0
  m_CorrespondingSourceObject: {fileID: 0}
  m_PrefabInstance: {fileID: 0}
  m_PrefabAsset: {fileID: 0}
  m_GameObject: {fileID: 3514147233746898030}
  m_Enabled: 1
  m_CastShadows: 1
  m_ReceiveShadows: 1
  m_DynamicOccludee: 1
  m_StaticShadowCaster: 0
  m_MotionVectors: 1
  m_LightProbeUsage: 1
  m_ReflectionProbeUsage: 1
  m_RayTracingMode: 2
  m_RayTraceProcedural: 0
  m_RenderingLayerMask: 1
  m_RendererPriority: 0
  m_Materials:
  - {fileID: 2100000, guid: b999eb95fea2cde4bbd387b14049c665, type: 2}
  m_StaticBatchInfo:
    firstSubMesh: 0
    subMeshCount: 0
  m_StaticBatchRoot: {fileID: 0}
  m_ProbeAnchor: {fileID: 0}
  m_LightProbeVolumeOverride: {fileID: 0}
  m_ScaleInLightmap: 1
  m_ReceiveGI: 1
  m_PreserveUVs: 0
  m_IgnoreNormalsForChartDetection: 0
  m_ImportantGI: 0
  m_StitchLightmapSeams: 1
  m_SelectedEditorRenderState: 3
  m_MinimumChartSize: 4
  m_AutoUVMaxDistance: 0.5
  m_AutoUVMaxAngle: 89
  m_LightmapParameters: {fileID: 0}
  m_SortingLayerID: 0
  m_SortingLayer: 0
  m_SortingOrder: 0
  m_AdditionalVertexStreams: {fileID: 0}
--- !u!1 &4683561042962760179
GameObject:
  m_ObjectHideFlags: 0
  m_CorrespondingSourceObject: {fileID: 0}
  m_PrefabInstance: {fileID: 0}
  m_PrefabAsset: {fileID: 0}
  serializedVersion: 6
  m_Component:
  - component: {fileID: 4505354674391626724}
  m_Layer: 0
  m_Name: OWLS_High.fbx
  m_TagString: Untagged
  m_Icon: {fileID: 0}
  m_NavMeshLayer: 0
  m_StaticEditorFlags: 0
  m_IsActive: 1
--- !u!4 &4505354674391626724
Transform:
  m_ObjectHideFlags: 0
  m_CorrespondingSourceObject: {fileID: 0}
  m_PrefabInstance: {fileID: 0}
  m_PrefabAsset: {fileID: 0}
  m_GameObject: {fileID: 4683561042962760179}
  m_LocalRotation: {x: 0, y: 0, z: 0, w: 1}
  m_LocalPosition: {x: 0, y: 0, z: 0}
  m_LocalScale: {x: 1, y: 1, z: 1}
  m_ConstrainProportionsScale: 0
  m_Children:
  - {fileID: 5430935300484212768}
  m_Father: {fileID: 5455532360882297718}
  m_RootOrder: 0
  m_LocalEulerAnglesHint: {x: 0, y: 0, z: 0}
--- !u!1 &6313878940341758487
GameObject:
  m_ObjectHideFlags: 0
  m_CorrespondingSourceObject: {fileID: 0}
  m_PrefabInstance: {fileID: 0}
  m_PrefabAsset: {fileID: 0}
  serializedVersion: 6
  m_Component:
  - component: {fileID: 5455532360882297718}
  m_Layer: 0
  m_Name: Sketchfab_model
  m_TagString: Untagged
  m_Icon: {fileID: 0}
  m_NavMeshLayer: 0
  m_StaticEditorFlags: 0
  m_IsActive: 1
--- !u!4 &5455532360882297718
Transform:
  m_ObjectHideFlags: 0
  m_CorrespondingSourceObject: {fileID: 0}
  m_PrefabInstance: {fileID: 0}
  m_PrefabAsset: {fileID: 0}
  m_GameObject: {fileID: 6313878940341758487}
  m_LocalRotation: {x: 0, y: 0, z: 0, w: 1}
  m_LocalPosition: {x: 0, y: 0, z: 0}
  m_LocalScale: {x: 1, y: 1, z: 1}
  m_ConstrainProportionsScale: 0
  m_Children:
  - {fileID: 4505354674391626724}
  m_Father: {fileID: 959440683115604066}
  m_RootOrder: 0
  m_LocalEulerAnglesHint: {x: 0, y: 0, z: 0}
--- !u!1 &7149012904976120141
GameObject:
  m_ObjectHideFlags: 0
  m_CorrespondingSourceObject: {fileID: 0}
  m_PrefabInstance: {fileID: 0}
  m_PrefabAsset: {fileID: 0}
  serializedVersion: 6
  m_Component:
  - component: {fileID: 5430935300484212768}
  m_Layer: 0
  m_Name: RootNode
  m_TagString: Untagged
  m_Icon: {fileID: 0}
  m_NavMeshLayer: 0
  m_StaticEditorFlags: 0
  m_IsActive: 1
--- !u!4 &5430935300484212768
Transform:
  m_ObjectHideFlags: 0
  m_CorrespondingSourceObject: {fileID: 0}
  m_PrefabInstance: {fileID: 0}
  m_PrefabAsset: {fileID: 0}
  m_GameObject: {fileID: 7149012904976120141}
  m_LocalRotation: {x: 0, y: 0, z: -0, w: -1}
  m_LocalPosition: {x: 0, y: 0, z: -0}
  m_LocalScale: {x: 1, y: 1, z: 1}
  m_ConstrainProportionsScale: 0
  m_Children:
  - {fileID: 8003173713051882529}
  m_Father: {fileID: 4505354674391626724}
  m_RootOrder: 0
  m_LocalEulerAnglesHint: {x: 0, y: 0, z: 0}
--- !u!1 &7494559624862719654
GameObject:
  m_ObjectHideFlags: 0
  m_CorrespondingSourceObject: {fileID: 0}
  m_PrefabInstance: {fileID: 0}
  m_PrefabAsset: {fileID: 0}
  serializedVersion: 6
  m_Component:
  - component: {fileID: 959440683115604066}
  - component: {fileID: 6362395930768172963}
  - component: {fileID: 6362395930768172960}
  - component: {fileID: 6362395930768172972}
  - component: {fileID: 6362395930768172962}
  - component: {fileID: 6362395930768172967}
  - component: {fileID: 6362395930768172966}
  - component: {fileID: 6362395930768172973}
  - component: {fileID: 370678680}
  - component: {fileID: 370678681}
  - component: {fileID: 370678682}
  m_Layer: 0
  m_Name: LightSaberHandle
  m_TagString: PlayerWeapon
  m_Icon: {fileID: 0}
  m_NavMeshLayer: 0
  m_StaticEditorFlags: 0
  m_IsActive: 1
--- !u!4 &959440683115604066
Transform:
  m_ObjectHideFlags: 0
  m_CorrespondingSourceObject: {fileID: 0}
  m_PrefabInstance: {fileID: 0}
  m_PrefabAsset: {fileID: 0}
  m_GameObject: {fileID: 7494559624862719654}
  m_LocalRotation: {x: 0, y: 0, z: -0.006169777, w: 0.999981}
  m_LocalPosition: {x: -1.53, y: -3.495, z: 15.251972}
  m_LocalScale: {x: 0.01, y: 0.008, z: 0.01}
  m_ConstrainProportionsScale: 0
  m_Children:
  - {fileID: 5455532360882297718}
  - {fileID: 6362395931312623566}
  m_Father: {fileID: 0}
  m_RootOrder: 0
  m_LocalEulerAnglesHint: {x: 0, y: 0, z: -0.707}
--- !u!54 &6362395930768172963
Rigidbody:
  m_ObjectHideFlags: 0
  m_CorrespondingSourceObject: {fileID: 0}
  m_PrefabInstance: {fileID: 0}
  m_PrefabAsset: {fileID: 0}
  m_GameObject: {fileID: 7494559624862719654}
  serializedVersion: 2
  m_Mass: 1
  m_Drag: 0
  m_AngularDrag: 0.05
  m_UseGravity: 1
  m_IsKinematic: 0
  m_Interpolate: 0
  m_Constraints: 0
  m_CollisionDetection: 2
--- !u!65 &6362395930768172960
BoxCollider:
  m_ObjectHideFlags: 0
  m_CorrespondingSourceObject: {fileID: 0}
  m_PrefabInstance: {fileID: 0}
  m_PrefabAsset: {fileID: 0}
  m_GameObject: {fileID: 7494559624862719654}
  m_Material: {fileID: 0}
  m_IsTrigger: 0
  m_Enabled: 1
  serializedVersion: 2
  m_Size: {x: 4.585858, y: 33.637165, z: 6.104851}
  m_Center: {x: 1.7929664, y: 8.278454, z: 0.11024475}
--- !u!82 &6362395930768172972
AudioSource:
  m_ObjectHideFlags: 0
  m_CorrespondingSourceObject: {fileID: 0}
  m_PrefabInstance: {fileID: 0}
  m_PrefabAsset: {fileID: 0}
  m_GameObject: {fileID: 7494559624862719654}
  m_Enabled: 1
  serializedVersion: 4
  OutputAudioMixerGroup: {fileID: 24300001, guid: 1dd706bb85d8aef4e83a6229dbd62c36, type: 2}
  m_audioClip: {fileID: 0}
  m_PlayOnAwake: 1
  m_Volume: 1
  m_Pitch: 1
  Loop: 0
  Mute: 0
  Spatialize: 0
  SpatializePostEffects: 0
  Priority: 128
  DopplerLevel: 1
  MinDistance: 2.9265175
  MaxDistance: 500
  Pan2D: 0
  rolloffMode: 0
  BypassEffects: 0
  BypassListenerEffects: 0
  BypassReverbZones: 0
  rolloffCustomCurve:
    serializedVersion: 2
    m_Curve:
    - serializedVersion: 3
      time: 0
      value: 1
      inSlope: 0
      outSlope: 0
      tangentMode: 0
      weightedMode: 0
      inWeight: 0.33333334
      outWeight: 0.33333334
    - serializedVersion: 3
      time: 1
      value: 0
      inSlope: 0
      outSlope: 0
      tangentMode: 0
      weightedMode: 0
      inWeight: 0.33333334
      outWeight: 0.33333334
    m_PreInfinity: 2
    m_PostInfinity: 2
    m_RotationOrder: 4
  panLevelCustomCurve:
    serializedVersion: 2
    m_Curve:
    - serializedVersion: 3
      time: 0
      value: 1
      inSlope: 0
      outSlope: 0
      tangentMode: 0
      weightedMode: 0
      inWeight: 0.33333334
      outWeight: 0.33333334
    m_PreInfinity: 2
    m_PostInfinity: 2
    m_RotationOrder: 4
  spreadCustomCurve:
    serializedVersion: 2
    m_Curve:
    - serializedVersion: 3
      time: 0
      value: 0
      inSlope: 0
      outSlope: 0
      tangentMode: 0
      weightedMode: 0
      inWeight: 0.33333334
      outWeight: 0.33333334
    m_PreInfinity: 2
    m_PostInfinity: 2
    m_RotationOrder: 4
  reverbZoneMixCustomCurve:
    serializedVersion: 2
    m_Curve:
    - serializedVersion: 3
      time: 0
      value: 1
      inSlope: 0
      outSlope: 0
      tangentMode: 0
      weightedMode: 0
      inWeight: 0.33333334
      outWeight: 0.33333334
    m_PreInfinity: 2
    m_PostInfinity: 2
    m_RotationOrder: 4
--- !u!95 &6362395930768172962
Animator:
  serializedVersion: 4
  m_ObjectHideFlags: 0
  m_CorrespondingSourceObject: {fileID: 0}
  m_PrefabInstance: {fileID: 0}
  m_PrefabAsset: {fileID: 0}
  m_GameObject: {fileID: 7494559624862719654}
  m_Enabled: 1
  m_Avatar: {fileID: 0}
  m_Controller: {fileID: 9100000, guid: 90530ba889ff2334bbe58021420a4601, type: 2}
  m_CullingMode: 0
  m_UpdateMode: 0
  m_ApplyRootMotion: 0
  m_LinearVelocityBlending: 0
  m_StabilizeFeet: 0
  m_WarningMessage: 
  m_HasTransformHierarchy: 1
  m_AllowConstantClipSamplingOptimization: 1
  m_KeepAnimatorControllerStateOnDisable: 0
--- !u!114 &6362395930768172967
MonoBehaviour:
  m_ObjectHideFlags: 0
  m_CorrespondingSourceObject: {fileID: 0}
  m_PrefabInstance: {fileID: 0}
  m_PrefabAsset: {fileID: 0}
  m_GameObject: {fileID: 7494559624862719654}
  m_Enabled: 1
  m_EditorHideFlags: 0
  m_Script: {fileID: 11500000, guid: 935aaf7da50abf94697c8d70a7a71efe, type: 3}
  m_Name: 
  m_EditorClassIdentifier: 
  ignoreMe: 0
  instantPull: 0
  grabType: 1
  archMultiplier: 0.6
  gravitationVelocity: 1
  rotate: 1
  rotationSpeed: 1
  ignoreHighlights: 1
  targetedMaterial: {fileID: 0}
  selectedMaterial: {fileID: 0}
  showEvents: 1
  OnPull:
    m_PersistentCalls:
      m_Calls: []
  StartTargeting:
    m_PersistentCalls:
      m_Calls: []
  StopTargeting:
    m_PersistentCalls:
      m_Calls: []
  StartSelecting:
    m_PersistentCalls:
      m_Calls: []
  StopSelecting:
    m_PersistentCalls:
      m_Calls: []
--- !u!114 &6362395930768172966
MonoBehaviour:
  m_ObjectHideFlags: 0
  m_CorrespondingSourceObject: {fileID: 0}
  m_PrefabInstance: {fileID: 0}
  m_PrefabAsset: {fileID: 0}
  m_GameObject: {fileID: 7494559624862719654}
  m_Enabled: 1
  m_EditorHideFlags: 0
  m_Script: {fileID: 11500000, guid: 822bc9090447b9c40833509c4a32e597, type: 3}
  m_Name: 
  m_EditorClassIdentifier: 
  ignoreMe: 0
  body: {fileID: 0}
  hightlightMaterial: {fileID: 0}
  isGrabbable: 1
  CopySettings: {fileID: 0}
  grabType: 0
  handType: 0
  singleHandOnly: 0
  allowHeldSwapping: 1
  instantGrab: 0
  useGentleGrab: 0
  maintainGrabOffset: 0
  ignoreWeight: 1
  parentOnGrab: 1
  throwPower: 1
  jointBreakForce: 13500
  showAdvancedSettings: 1
  makeChildrenGrabbable: 1
  grabPriorityWeight: 1
  ignoreReleaseTime: 0.5
  heldPositionOffset: {x: 0, y: 0, z: 0}
  heldRotationOffset: {x: 0, y: 0, z: 0}
  customGrabJoint: {fileID: 0}
  jointedBodies: []
  heldIgnoreColliders: []
  pullApartBreakOnly: 1
  showEvents: 1
  onGrab:
    m_PersistentCalls:
      m_Calls: []
  onRelease:
    m_PersistentCalls:
      m_Calls: []
  onSqueeze:
    m_PersistentCalls:
      m_Calls:
      - m_Target: {fileID: 6362395930768172973}
        m_TargetAssemblyTypeName: SaberScript, Assembly-CSharp
        m_MethodName: TurnOn
        m_Mode: 1
        m_Arguments:
          m_ObjectArgument: {fileID: 0}
          m_ObjectArgumentAssemblyTypeName: UnityEngine.Object, UnityEngine
          m_IntArgument: 0
          m_FloatArgument: 0
          m_StringArgument: 
          m_BoolArgument: 0
        m_CallState: 2
      - m_Target: {fileID: 6362395930768172972}
        m_TargetAssemblyTypeName: UnityEngine.AudioSource, UnityEngine
        m_MethodName: set_clip
        m_Mode: 2
        m_Arguments:
          m_ObjectArgument: {fileID: 8300000, guid: 176e30fcdfe8cb44d8a71ddeed01b630, type: 3}
          m_ObjectArgumentAssemblyTypeName: UnityEngine.AudioClip, UnityEngine
          m_IntArgument: 0
          m_FloatArgument: 0
          m_StringArgument: 
          m_BoolArgument: 0
        m_CallState: 2
  onUnsqueeze:
    m_PersistentCalls:
      m_Calls:
      - m_Target: {fileID: 6362395930768172973}
        m_TargetAssemblyTypeName: SaberScript, Assembly-CSharp
        m_MethodName: TurnOff
        m_Mode: 1
        m_Arguments:
          m_ObjectArgument: {fileID: 0}
          m_ObjectArgumentAssemblyTypeName: UnityEngine.Object, UnityEngine
          m_IntArgument: 0
          m_FloatArgument: 0
          m_StringArgument: 
          m_BoolArgument: 0
        m_CallState: 2
      - m_Target: {fileID: 6362395930768172972}
        m_TargetAssemblyTypeName: UnityEngine.AudioSource, UnityEngine
        m_MethodName: set_clip
        m_Mode: 2
        m_Arguments:
          m_ObjectArgument: {fileID: 8300000, guid: aff82350250fd2041a771ca29f1f7722, type: 3}
          m_ObjectArgumentAssemblyTypeName: UnityEngine.AudioClip, UnityEngine
          m_IntArgument: 0
          m_FloatArgument: 0
          m_StringArgument: 
          m_BoolArgument: 0
        m_CallState: 2
  onHighlight:
    m_PersistentCalls:
      m_Calls: []
  onUnhighlight:
    m_PersistentCalls:
      m_Calls: []
  OnJointBreak:
    m_PersistentCalls:
      m_Calls: []
  lockHandOnGrab: 0
--- !u!114 &6362395930768172973
MonoBehaviour:
  m_ObjectHideFlags: 0
  m_CorrespondingSourceObject: {fileID: 0}
  m_PrefabInstance: {fileID: 0}
  m_PrefabAsset: {fileID: 0}
  m_GameObject: {fileID: 7494559624862719654}
  m_Enabled: 1
  m_EditorHideFlags: 0
  m_Script: {fileID: 11500000, guid: 2036d5b0bd3e27841bfb60261e1e1b8f, type: 3}
  m_Name: 
  m_EditorClassIdentifier: 
  saberAnimator: {fileID: 6362395930768172962}
--- !u!114 &370678680
MonoBehaviour:
  m_ObjectHideFlags: 0
  m_CorrespondingSourceObject: {fileID: 0}
  m_PrefabInstance: {fileID: 0}
  m_PrefabAsset: {fileID: 0}
  m_GameObject: {fileID: 7494559624862719654}
  m_Enabled: 1
  m_EditorHideFlags: 0
  m_Script: {fileID: 11500000, guid: b781b027cda8b884486d903c1df3dd44, type: 3}
  m_Name: 
  m_EditorClassIdentifier: 
  _damage: 1
--- !u!114 &370678681
MonoBehaviour:
  m_ObjectHideFlags: 0
  m_CorrespondingSourceObject: {fileID: 0}
  m_PrefabInstance: {fileID: 0}
  m_PrefabAsset: {fileID: 0}
  m_GameObject: {fileID: 7494559624862719654}
  m_Enabled: 1
  m_EditorHideFlags: 0
  m_Script: {fileID: -1029778088, guid: c424820a8880b8845bda10ec0b41507e, type: 3}
  m_Name: 
  m_EditorClassIdentifier: 
  _interpolate: 1
  _syncPosition: 1
  _syncRotation: 1
  _syncScale: 1
  _syncVelocity: 1
  _maintainOwnershipWhileSleeping: 0
--- !u!114 &370678682
MonoBehaviour:
  m_ObjectHideFlags: 0
  m_CorrespondingSourceObject: {fileID: 0}
  m_PrefabInstance: {fileID: 0}
  m_PrefabAsset: {fileID: 0}
  m_GameObject: {fileID: 7494559624862719654}
  m_Enabled: 1
  m_EditorHideFlags: 0
  m_Script: {fileID: -363599832, guid: c424820a8880b8845bda10ec0b41507e, type: 3}
  m_Name: 
  m_EditorClassIdentifier: 
  _realtime: {fileID: 0}
  _sceneViewUUID: 
  _viewUUID: 
  _sceneViewPreventOwnershipTakeover: 0
  _sceneViewDestroyWhenOwnerOrLastClientLeaves: 1
  _sceneViewDestroyWhenOwnerOrLastClientLeavesMigrated: 1
  _sceneViewDestroyWhenLastClientLeaves: 1
  _components:
  - componentID: 1
    component: {fileID: 370678681}
  _childViews: []
--- !u!1 &7495209708944583551
GameObject:
  m_ObjectHideFlags: 0
  m_CorrespondingSourceObject: {fileID: 0}
  m_PrefabInstance: {fileID: 0}
  m_PrefabAsset: {fileID: 0}
  serializedVersion: 6
  m_Component:
  - component: {fileID: 5860665868528951620}
  - component: {fileID: 4751571751535406042}
  - component: {fileID: 6915469075783492379}
  m_Layer: 0
  m_Name: OWLS_High1_BlackPlastic1_0
  m_TagString: Untagged
  m_Icon: {fileID: 0}
  m_NavMeshLayer: 0
  m_StaticEditorFlags: 0
  m_IsActive: 1
--- !u!4 &5860665868528951620
Transform:
  m_ObjectHideFlags: 0
  m_CorrespondingSourceObject: {fileID: 0}
  m_PrefabInstance: {fileID: 0}
  m_PrefabAsset: {fileID: 0}
  m_GameObject: {fileID: 7495209708944583551}
  m_LocalRotation: {x: 0, y: 0, z: -0, w: -1}
  m_LocalPosition: {x: 0, y: 0, z: -0}
  m_LocalScale: {x: 1, y: 1, z: 1}
  m_ConstrainProportionsScale: 0
  m_Children: []
  m_Father: {fileID: 8003173713051882529}
  m_RootOrder: 0
  m_LocalEulerAnglesHint: {x: 0, y: 0, z: 0}
--- !u!33 &4751571751535406042
MeshFilter:
  m_ObjectHideFlags: 0
  m_CorrespondingSourceObject: {fileID: 0}
  m_PrefabInstance: {fileID: 0}
  m_PrefabAsset: {fileID: 0}
  m_GameObject: {fileID: 7495209708944583551}
  m_Mesh: {fileID: 4300000, guid: 3f6a7cd7a143b4640a1a53be7f00a41f, type: 2}
--- !u!23 &6915469075783492379
MeshRenderer:
  m_ObjectHideFlags: 0
  m_CorrespondingSourceObject: {fileID: 0}
  m_PrefabInstance: {fileID: 0}
  m_PrefabAsset: {fileID: 0}
  m_GameObject: {fileID: 7495209708944583551}
  m_Enabled: 1
  m_CastShadows: 1
  m_ReceiveShadows: 1
  m_DynamicOccludee: 1
  m_StaticShadowCaster: 0
  m_MotionVectors: 1
  m_LightProbeUsage: 1
  m_ReflectionProbeUsage: 1
  m_RayTracingMode: 2
  m_RayTraceProcedural: 0
  m_RenderingLayerMask: 1
  m_RendererPriority: 0
  m_Materials:
  - {fileID: 2100000, guid: 6f5096ae1c31e2f4092d71cc209ff200, type: 2}
  m_StaticBatchInfo:
    firstSubMesh: 0
    subMeshCount: 0
  m_StaticBatchRoot: {fileID: 0}
  m_ProbeAnchor: {fileID: 0}
  m_LightProbeVolumeOverride: {fileID: 0}
  m_ScaleInLightmap: 1
  m_ReceiveGI: 1
  m_PreserveUVs: 0
  m_IgnoreNormalsForChartDetection: 0
  m_ImportantGI: 0
  m_StitchLightmapSeams: 1
  m_SelectedEditorRenderState: 3
  m_MinimumChartSize: 4
  m_AutoUVMaxDistance: 0.5
  m_AutoUVMaxAngle: 89
  m_LightmapParameters: {fileID: 0}
  m_SortingLayerID: 0
  m_SortingLayer: 0
  m_SortingOrder: 0
  m_AdditionalVertexStreams: {fileID: 0}
--- !u!1001 &6362395931312203926
PrefabInstance:
  m_ObjectHideFlags: 0
  serializedVersion: 2
  m_Modification:
    m_TransformParent: {fileID: 959440683115604066}
    m_Modifications:
    - target: {fileID: 122648, guid: 11530f2b0a0cd2442949827ecbb622f2, type: 3}
      propertyPath: m_Name
      value: SingleLine-LightSaber
      objectReference: {fileID: 0}
    - target: {fileID: 122648, guid: 11530f2b0a0cd2442949827ecbb622f2, type: 3}
      propertyPath: m_IsActive
      value: 1
      objectReference: {fileID: 0}
    - target: {fileID: 436056, guid: 11530f2b0a0cd2442949827ecbb622f2, type: 3}
      propertyPath: m_RootOrder
      value: 1
      objectReference: {fileID: 0}
    - target: {fileID: 436056, guid: 11530f2b0a0cd2442949827ecbb622f2, type: 3}
      propertyPath: m_LocalScale.x
      value: 1
      objectReference: {fileID: 0}
    - target: {fileID: 436056, guid: 11530f2b0a0cd2442949827ecbb622f2, type: 3}
      propertyPath: m_LocalScale.y
      value: 1
      objectReference: {fileID: 0}
    - target: {fileID: 436056, guid: 11530f2b0a0cd2442949827ecbb622f2, type: 3}
      propertyPath: m_LocalScale.z
      value: 1
      objectReference: {fileID: 0}
    - target: {fileID: 436056, guid: 11530f2b0a0cd2442949827ecbb622f2, type: 3}
      propertyPath: m_LocalPosition.x
      value: 1.72
      objectReference: {fileID: 0}
    - target: {fileID: 436056, guid: 11530f2b0a0cd2442949827ecbb622f2, type: 3}
      propertyPath: m_LocalPosition.y
      value: 23.62
      objectReference: {fileID: 0}
    - target: {fileID: 436056, guid: 11530f2b0a0cd2442949827ecbb622f2, type: 3}
      propertyPath: m_LocalPosition.z
      value: 0.19273758
      objectReference: {fileID: 0}
    - target: {fileID: 436056, guid: 11530f2b0a0cd2442949827ecbb622f2, type: 3}
      propertyPath: m_LocalRotation.w
      value: 0.99998105
      objectReference: {fileID: 0}
    - target: {fileID: 436056, guid: 11530f2b0a0cd2442949827ecbb622f2, type: 3}
      propertyPath: m_LocalRotation.x
      value: -0
      objectReference: {fileID: 0}
    - target: {fileID: 436056, guid: 11530f2b0a0cd2442949827ecbb622f2, type: 3}
      propertyPath: m_LocalRotation.y
      value: -0
      objectReference: {fileID: 0}
    - target: {fileID: 436056, guid: 11530f2b0a0cd2442949827ecbb622f2, type: 3}
      propertyPath: m_LocalRotation.z
      value: 0.006165713
      objectReference: {fileID: 0}
    - target: {fileID: 436056, guid: 11530f2b0a0cd2442949827ecbb622f2, type: 3}
      propertyPath: m_LocalEulerAnglesHint.x
      value: 0
      objectReference: {fileID: 0}
    - target: {fileID: 436056, guid: 11530f2b0a0cd2442949827ecbb622f2, type: 3}
      propertyPath: m_LocalEulerAnglesHint.y
      value: 0
      objectReference: {fileID: 0}
    - target: {fileID: 436056, guid: 11530f2b0a0cd2442949827ecbb622f2, type: 3}
      propertyPath: m_LocalEulerAnglesHint.z
      value: 0
      objectReference: {fileID: 0}
    - target: {fileID: 2397960, guid: 11530f2b0a0cd2442949827ecbb622f2, type: 3}
      propertyPath: m_Materials.Array.data[0]
      value: 
      objectReference: {fileID: 0}
    - target: {fileID: 3305964, guid: 11530f2b0a0cd2442949827ecbb622f2, type: 3}
      propertyPath: m_Mesh
      value: 
      objectReference: {fileID: 0}
    - target: {fileID: 11475718, guid: 11530f2b0a0cd2442949827ecbb622f2, type: 3}
      propertyPath: m_lineWidth
      value: 20
      objectReference: {fileID: 0}
    - target: {fileID: 11475718, guid: 11530f2b0a0cd2442949827ecbb622f2, type: 3}
      propertyPath: m_lineColor.b
      value: 0
      objectReference: {fileID: 0}
    - target: {fileID: 11475718, guid: 11530f2b0a0cd2442949827ecbb622f2, type: 3}
      propertyPath: m_lineColor.r
      value: 0.275218
      objectReference: {fileID: 0}
    - target: {fileID: 11475718, guid: 11530f2b0a0cd2442949827ecbb622f2, type: 3}
      propertyPath: m_lightSaberFactor
      value: 0.787
      objectReference: {fileID: 0}
    m_RemovedComponents: []
  m_SourcePrefab: {fileID: 100100000, guid: 11530f2b0a0cd2442949827ecbb622f2, type: 3}
--- !u!1 &6362395931312191374 stripped
GameObject:
  m_CorrespondingSourceObject: {fileID: 122648, guid: 11530f2b0a0cd2442949827ecbb622f2, type: 3}
  m_PrefabInstance: {fileID: 6362395931312203926}
  m_PrefabAsset: {fileID: 0}
--- !u!65 &342320542
BoxCollider:
  m_ObjectHideFlags: 0
  m_CorrespondingSourceObject: {fileID: 0}
  m_PrefabInstance: {fileID: 0}
  m_PrefabAsset: {fileID: 0}
  m_GameObject: {fileID: 6362395931312191374}
  m_Material: {fileID: 0}
  m_IsTrigger: 0
  m_Enabled: 1
  serializedVersion: 2
  m_Size: {x: 3.4737697, y: 99.78762, z: 2.8251648}
  m_Center: {x: -0.17103927, y: 52.307102, z: -0.024032593}
--- !u!4 &6362395931312623566 stripped
Transform:
  m_CorrespondingSourceObject: {fileID: 436056, guid: 11530f2b0a0cd2442949827ecbb622f2, type: 3}
  m_PrefabInstance: {fileID: 6362395931312203926}
  m_PrefabAsset: {fileID: 0}
