%YAML 1.1
%TAG !u! tag:unity3d.com,2011:
--- !u!1 &5661878593429119773
GameObject:
  m_ObjectHideFlags: 0
  m_CorrespondingSourceObject: {fileID: 0}
  m_PrefabInstance: {fileID: 0}
  m_PrefabAsset: {fileID: 0}
  serializedVersion: 6
  m_Component:
  - component: {fileID: 5661878593429119761}
  - component: {fileID: 5661878593429119760}
  - component: {fileID: 5661878593429119775}
  - component: {fileID: 5661878593429119762}
  - component: {fileID: 5661878593429119763}
  m_Layer: 0
  m_Name: Normcore
  m_TagString: Untagged
  m_Icon: {fileID: 0}
  m_NavMeshLayer: 0
  m_StaticEditorFlags: 0
  m_IsActive: 1
--- !u!4 &5661878593429119761
Transform:
  m_ObjectHideFlags: 0
  m_CorrespondingSourceObject: {fileID: 0}
  m_PrefabInstance: {fileID: 0}
  m_PrefabAsset: {fileID: 0}
  m_GameObject: {fileID: 5661878593429119773}
  m_LocalRotation: {x: 0, y: 0, z: 0, w: 1}
  m_LocalPosition: {x: -17.468489, y: -5.6425705, z: -10.752282}
  m_LocalScale: {x: 1, y: 1, z: 1}
  m_ConstrainProportionsScale: 0
  m_Children: []
  m_Father: {fileID: 0}
  m_RootOrder: 0
  m_LocalEulerAnglesHint: {x: 0, y: 0, z: 0}
--- !u!114 &5661878593429119760
MonoBehaviour:
  m_ObjectHideFlags: 0
  m_CorrespondingSourceObject: {fileID: 0}
  m_PrefabInstance: {fileID: 0}
  m_PrefabAsset: {fileID: 0}
  m_GameObject: {fileID: 5661878593429119773}
  m_Enabled: 1
  m_EditorHideFlags: 0
  m_Script: {fileID: -1424795628, guid: c424820a8880b8845bda10ec0b41507e, type: 3}
  m_Name: 
  m_EditorClassIdentifier: 
  _obsoleteAppKey: 
  _normcoreAppSettings: {fileID: 11400000, guid: 36660c72972181345b90196337c01367, type: 2}
  _roomToJoinOnStart: Test Room
  _joinRoomOnStart: 1
--- !u!114 &5661878593429119775
MonoBehaviour:
  m_ObjectHideFlags: 0
  m_CorrespondingSourceObject: {fileID: 0}
  m_PrefabInstance: {fileID: 0}
  m_PrefabAsset: {fileID: 0}
  m_GameObject: {fileID: 5661878593429119773}
  m_Enabled: 1
  m_EditorHideFlags: 0
  m_Script: {fileID: -363599832, guid: c424820a8880b8845bda10ec0b41507e, type: 3}
  m_Name: 
  m_EditorClassIdentifier: 
  _realtime: {fileID: 0}
  _sceneViewUUID: 
  _viewUUID: 
  _sceneViewPreventOwnershipTakeover: 0
  _sceneViewDestroyWhenOwnerOrLastClientLeaves: 1
  _sceneViewDestroyWhenOwnerOrLastClientLeavesMigrated: 1
  _sceneViewDestroyWhenLastClientLeaves: 1
  _components:
  - componentID: 1
    component: {fileID: 0}
  - componentID: 2
    component: {fileID: 5661878593429119762}
  _childViews: []
--- !u!114 &5661878593429119762
MonoBehaviour:
  m_ObjectHideFlags: 0
  m_CorrespondingSourceObject: {fileID: 0}
  m_PrefabInstance: {fileID: 0}
  m_PrefabAsset: {fileID: 0}
  m_GameObject: {fileID: 5661878593429119773}
  m_Enabled: 1
  m_EditorHideFlags: 0
  m_Script: {fileID: -1029778088, guid: c424820a8880b8845bda10ec0b41507e, type: 3}
  m_Name: 
  m_EditorClassIdentifier: 
  _interpolate: 1
  _syncPosition: 1
  _syncRotation: 1
  _syncScale: 1
  _syncVelocity: 1
  _maintainOwnershipWhileSleeping: 0
--- !u!114 &5661878593429119763
MonoBehaviour:
  m_ObjectHideFlags: 0
  m_CorrespondingSourceObject: {fileID: 0}
  m_PrefabInstance: {fileID: 0}
  m_PrefabAsset: {fileID: 0}
  m_GameObject: {fileID: 5661878593429119773}
  m_Enabled: 1
  m_EditorHideFlags: 0
  m_Script: {fileID: 11500000, guid: e5b6ae53fe1e66d429cc41bbf5b29cb3, type: 3}
  m_Name: 
  m_EditorClassIdentifier: 
  _localAvatarPrefab: {fileID: 1435502846325602, guid: 132fa799030920d4cb15dfab7ec5c45f, type: 3}
  _localPlayer:
    root: {fileID: 0}
    head: {fileID: 0}
    leftHand: {fileID: 0}
    rightHand: {fileID: 0}
